<?xml version="1.0" encoding="UTF-8"?>
<record xmlns="http://www.loc.gov/MARC21/slim" xmlns:xsi="http://www.w3.org/2001/XMLSchema-instance" xsi:schemaLocation="http://www.loc.gov/MARC21/slim http://www.loc.gov/standards/marcxml/schema/MARC21slim.xsd">
<leader>00000cam a22      a 4500</leader>
<controlfield tag="001">001684282</controlfield>
<controlfield tag="003">NNU</controlfield>
<controlfield tag="005">20150609164603.0</controlfield>
<controlfield tag="008">930505s1904    ua            000 0 ara d</controlfield>
<datafield tag="035" ind1=" " ind2=" ">
<subfield code="a">(OCoLC)477001582</subfield>
</datafield>
<datafield tag="040" ind1=" " ind2=" ">
<subfield code="a">N15</subfield>
<subfield code="b">eng</subfield>
<subfield code="c">N15</subfield>
<subfield code="d">OCLCQ</subfield>
<subfield code="d">OCLCO</subfield>
</datafield>
<datafield tag="050" ind1=" " ind2="4">
<subfield code="a">BP170</subfield>
<subfield code="b">.B27 1904</subfield>
</datafield>
<datafield tag="100" ind1="1" ind2=" ">
<subfield code="6">880-01</subfield>
<subfield code="a">Bājahʹchīʹzādah, ʻAbd al-Raḥmān ibn Salīm.</subfield>
</datafield>
<datafield tag="245" ind1="1" ind2="0">
<subfield code="6">880-02</subfield>
<subfield code="a">Kitab al-fariq bayna al-makhluq wa-al-Khaliq :</subfield>
<subfield code="c">taʼlīf ʻAbd al-Raḥmān Bik Afandī Pājah Jī Zādah.</subfield>
</datafield>
<datafield tag="260" ind1=" " ind2=" ">
<subfield code="6">880-03</subfield>
<subfield code="a">Egypt :</subfield>
<subfield code="b">Mothāt al-sosoāt,</subfield>
<subfield code="c">[1904?]</subfield>
</datafield>
<datafield tag="300" ind1=" " ind2=" ">
<subfield code="a">408, 120, 23 pages ;</subfield>
<subfield code="c">cm</subfield>
</datafield>
<datafield tag="336" ind1=" " ind2=" ">
<subfield code="a">text</subfield>
<subfield code="b">txt</subfield>
<subfield code="2">rdacontent</subfield>
</datafield>
<datafield tag="337" ind1=" " ind2=" ">
<subfield code="a">unmediated</subfield>
<subfield code="b">n</subfield>
<subfield code="2">rdamedia</subfield>
</datafield>
<datafield tag="338" ind1=" " ind2=" ">
<subfield code="a">volume</subfield>
<subfield code="b">nc</subfield>
<subfield code="2">rdacarrier</subfield>
</datafield>
<datafield tag="650" ind1=" " ind2="4">
<subfield code="a">Islam</subfield>
<subfield code="v">Apologetic works.</subfield>
</datafield>
<datafield tag="650" ind1=" " ind2="4">
<subfield code="a">Islam</subfield>
<subfield code="x">Relations</subfield>
<subfield code="x">Christianity.</subfield>
</datafield>
<datafield tag="700" ind1="1" ind2=" ">
<subfield code="6">880-04</subfield>
<subfield code="a">Qarāfī, Aḥmad ibn Idrīs,</subfield>
<subfield code="d">-1285.</subfield>
<subfield code="t">Ajwibah al-fākhirah ʻan al-asʼilah al-fājirah.</subfield>
</datafield>
<datafield tag="700" ind1="1" ind2=" ">
<subfield code="6">880-05</subfield>
<subfield code="a">Ibn Qayyim al-Jawzīyah, Muḥammad ibn Abī Bakr,</subfield>
<subfield code="d">1292-1350.</subfield>
<subfield code="t">Hidāyat al-ḥayārá min al-Yahūd wa-al-Naṣārá.</subfield>
</datafield>
<datafield tag="740" ind1="0" ind2=" ">
<subfield code="6">880-06</subfield>
<subfield code="a">Fariq bayna al-makhlūq wa-al-Khāliq.</subfield>
</datafield>
<datafield tag="880" ind1="1" ind2=" ">
<subfield code="6">100-01/</subfield>
<subfield code="a">باجه زاده، عبد الرحمنبن سليم.</subfield>
</datafield>
<datafield tag="880" ind1="1" ind2="0">
<subfield code="6">245-02/</subfield>
<subfield code="a">كتاب الفارق بين المخلوق والخالق :</subfield>
<subfield code="b">تأليف عبد الرحمن باجه جى زاده. مطرز هامشه بكتابين الاول كتاب الأجوبة الفاخرة لشهاب الدين أحمد بن الدريس المالكى المعروف يالقرافى /</subfield>
<subfield code="c">والثانى كتاب هداية الحيارى من اليهود والنصارى لابن قيم الجوزية.</subfield>
</datafield>
<datafield tag="880" ind1=" " ind2=" ">
<subfield code="6">260-03/</subfield>
<subfield code="a">مصر :</subfield>
<subfield code="b">مطبعة السوسوعات,</subfield>
<subfield code="c">[١٩٠٤؟]</subfield>
</datafield>
<datafield tag="880" ind1="1" ind2=" ">
<subfield code="6">700-04/</subfield>
<subfield code="a">قرافي، احمد بن ادريس،</subfield>
<subfield code="d">1285.</subfield>
<subfield code="t">اجوبة الفاخرة عن الاسئلة الفاجرة.</subfield>
</datafield>
<datafield tag="880" ind1="1" ind2=" ">
<subfield code="6">700-05/</subfield>
<subfield code="a">ابن قيم الجوزية، محمد بن ابي بكر،</subfield>
<subfield code="d">12921350.</subfield>
<subfield code="t">هداية الحيارى من اليهود والنصارى.</subfield>
</datafield>
<datafield tag="880" ind1="0" ind2=" ">
<subfield code="6">740-06/</subfield>
<subfield code="a">فرق بين المخلوق والخالق.</subfield>
</datafield>
<datafield tag="OWN" ind1=" " ind2=" ">
<subfield code="a">GENERAL</subfield>
</datafield>
<datafield tag="AVA" ind1=" " ind2=" ">
<subfield code="a">NYU50</subfield>
<subfield code="b">BOBST</subfield>
<subfield code="c">Main Collection</subfield>
<subfield code="d">BP170 .B27</subfield>
<subfield code="e">unavailable</subfield>
<subfield code="t">Unavailable</subfield>
<subfield code="f">1</subfield>
<subfield code="g">1</subfield>
<subfield code="h">N</subfield>
<subfield code="i">0</subfield>
<subfield code="j">MAIN</subfield>
<subfield code="k">0</subfield>
</datafield>
</record>
